@article{midi_codes,
  title={General MIDI instrument codes},
  author={Selfridge-Field, Eleanor and Stuart Sapp, Craig},
  url={http://www.ccarh.org/courses/253/handout/gminstruments/},
  year={2015},
  note = "[Online; acedido em Maio de 2018]"
}